%% Created for Prasanta Ghosh on 2018-01-20

@inproceedings{dredze2010nlp,
  title={NLP on spoken documents without ASR},
  author={Dredze, Mark and Jansen, Aren and Coppersmith, Glen and Church, Ken},
  booktitle={Proceedings of the 2010 Conference on Empirical Methods in Natural Language Processing},
  pages={460--470},
  year={2010},
  organization={Association for Computational Linguistics}
}

@article{li2018spoken,
  title={Spoken SQuAD: A Study of Mitigating the Impact of Speech Recognition Errors on Listening Comprehension},
  author={Li, Chia-Hsuan and Wu, Szu-Lin and Liu, Chi-Liang and Lee, Hung-yi},
  journal={arXiv preprint arXiv:1804.00320},
  year={2018}
}

@article{rajpurkar2016squad,
  title={Squad: 100,000+ questions for machine comprehension of text},
  author={Rajpurkar, Pranav and Zhang, Jian and Lopyrev, Konstantin and Liang, Percy},
  journal={arXiv preprint arXiv:1606.05250},
  year={2016}
}

@article{rosiger2017improving,
  title={Improving coreference resolution with automatically predicted prosodic information},
  author={R{\"o}siger, Ina and Stehwien, Sabrina and Riester, Arndt and Vu, Ngoc Thang},
  journal={arXiv preprint arXiv:1707.09231},
  year={2017}
}

@inproceedings{rosiger2015using,
  title={Using prosodic annotations to improve coreference resolution of spoken text},
  author={R{\"o}siger, Ina and Riester, Arndt},
  booktitle={Proceedings of the 53rd Annual Meeting of the Association for Computational Linguistics and the 7th International Joint Conference on Natural Language Processing (Volume 2: Short Papers)},
  volume={2},
  pages={83--88},
  year={2015}
}