@article{conneau2017word,
  title={Word Translation Without Parallel Data},
  author={Conneau, Alexis and Lample, Guillaume and Ranzato, Marc'Aurelio and Denoyer, Ludovic and J{\'e}gou, Herv{\'e}},
  journal={arXiv preprint arXiv:1710.04087},
  year={2017}
}

@article{lample2017unsupervised,
  title={Unsupervised Machine Translation Using Monolingual Corpora Only},
  author={Lample, Guillaume and Conneau, Alexis and Denoyer, Ludovic and Ranzato, Marc'Aurelio},
  journal={arXiv preprint arXiv:1711.00043},
  year={2017}
}
