@inproceedings{dubossarsky2017outta,
  title={Outta control: Laws of semantic change and inherent biases in word representation models},
  author={Dubossarsky, Haim and Weinshall, Daphna and Grossman, Eitan},
  booktitle={Proceedings of the 2017 Conference on Empirical Methods in Natural Language Processing},
  pages={1136--1145},
  year={2017}
}